@misc{ncaa_finances,
  author = {{NCAA Research}},
  title = {15-year trends in Division I athletics finance},
  year = {2020},
  howpublished = {\url{https://ncaaorg.s3.amazonaws.com/research/Finances/2020RES_D1-RevExp_Report.pdf}}
}

@article{arellano_bond,
  author = {Arellano, Manuel and Bond, Stephen},
  title = {Some tests of specification for panel data: Monte Carlo evidence and an application to employment equations},
  journal = {The Review of Economic Studies},
  year = {1991},
  volume = {58},
  number = {2},
  pages = {277--297},
  doi = {10.2307/2297968}
}

@article{caudill,
  author = {Caudill, Steven B. and others},
  title = {Does college football impact the size of university applicant pools and the quality of entering students?},
  journal = {Applied Economics},
  year = {2018},
  volume = {50},
  number = {17},
  pages = {1885--1890},
  doi = {10.1080/00036846.2017.1380289}
}

@misc{cfp_history,
  author = {{College Football Playoff}},
  title = {College football playoff history},
  year = {2019},
  howpublished = {\url{https://collegefootballplayoff.com/sports/2019/5/22/history}}
}

@article{chung,
  author = {Chung, Doug J.},
  title = {The dynamic advertising effect of collegiate athletics},
  journal = {Marketing Science},
  year = {2013},
  volume = {32},
  number = {5},
  pages = {679--698},
  doi = {10.1287/mksc.2013.0795}
}

@misc{college_poll,
  author = {{College Poll Archive}},
  title = {Final AP football poll, 2014-2022},
  year = {2024},
  howpublished = {\url{https://www.collegepollarchive.com/football/ap/seasons.cfm}}
}

@article{cormier,
  author = {Cormier, Alex and others},
  title = {The Flutie and anti-Flutie effect: The impact of football championships and athletic malfeasance on the university},
  journal = {Journal of Sports Economics},
  year = {2023},
  volume = {24},
  number = {7},
  pages = {903--931},
  doi = {10.1177/15270025231174618}
}

@article{eggers2021,
  author = {Eggers, Andrew F. and Groothuis, Peter A. and Redding, Patrick T.},
  title = {The Flutie effect: The influence of college football upsets and national championships on the quantity and quality of students at a university},
  journal = {International Journal of Sport Finance},
  year = {2021},
  volume = {16},
  number = {2},
  pages = {59--68},
  doi = {10.32731/jsf.2021.a927049}
}

@article{eggers2019,
  author = {Eggers, Andrew F. and Groothuis, Peter A. and Redding, Patrick T.},
  title = {Universities behaving badly: The impact of athletic malfeasance on student quality and enrollment},
  journal = {Journal of Sports Economics},
  year = {2019},
  volume = {21},
  number = {1},
  pages = {87--100},
  doi = {10.1177/1527002519859416}
}

@misc{eskenazi1984,
  author = {Eskenazi, Gerald},
  title = {Doug Flutie's 'Hail Mary' pass},
  year = {1984},
  howpublished = {\url{https://archive.nytimes.com/www.nytimes.com/packages/html/sports/year_in_sports/11.23.html}},
  note = {The New York Times, November 23}
}

@misc{glimpse,
  author = {{Glimpse Browser Extension}},
  title = {Glimpse Browser Extension},
  year = {n.d.},
  howpublished = {\url{https://meetglimpse.com/}}
}

@misc{googletrends,
  author = {{Google Trends}},
  title = {Google Trends},
  year = {n.d.},
  howpublished = {\url{https://trends.google.com/trends/explore?date=all&geo=US}}
}

@article{mccormick,
  author = {McCormick, Robert E. and Tinsley, Michael},
  title = {Athletics versus academics? Evidence from SAT scores},
  journal = {Journal of Political Economy},
  year = {1987},
  volume = {95},
  number = {5},
  pages = {1103--1116},
  doi = {10.1086/261505}
}

@article{Murphy1994,
  author = {Murphy, Robert G. and Trandel, Gregory A.},
  title = {The relation between a universityâ€™s football record and the size of its applicant pool},
  journal = {Economics of Education Review},
  year = {1994},
  volume = {13},
  number = {3},
  pages = {265--270},
  doi = {10.1016/0272-7757(94)90014-0}
}

@misc{CFBHistory,
  author = {NCAA},
  title = {College football history: Notable firsts and milestones},
  year = {2025},
  note = {January 21},
  howpublished = {\url{https://www.ncaa.com/news/ncaa/article/2025-01-20/college-football-history-notable-firsts-and-milestones}},
  journal = {NCAA.com}
}

@misc{NCES,
  author = {{National Center for Education Statistics (NCES)}},
  title = {Digest of education statistics},
  year = {n.d.},
  howpublished = {\url{https://nces.ed.gov/programs/digest/d24/tables/dt24_219.20.asp}},
  note = {U.S. Department of Education}
}

@article{nickell81,
  author = {Nickell, Stephen},
  title = {Biases in dynamic models with fixed effects},
  journal = {Econometrica},
  year = {1981},
  volume = {49},
  number = {6},
  pages = {1417--1426},
  doi = {10.2307/1911408}
}

@misc{On3NIL,
  author = {{On3 Staff Report}},
  title = {The ON3 guide to NIL collectives around the nation},
  year = {2023},
  note = {March 10},
  howpublished = {\url{https://www.on3.com/nil/news/on3-guide-to-nil-collectives-around-the-nation/}},
  journal = {On3}
}

@article{pope2009,
  author = {Pope, Devin G. and Pope, Jaren C.},
  title = {The impact of college sports success on the quantity and quality of student applications},
  journal = {Southern Economic Journal},
  year = {2009},
  volume = {75},
  number = {3},
  pages = {750--780},
  doi = {10.1002/j.2325-8012.2009.tb00930.x}
}

@article{pope2014,
  author = {Pope, Devin G. and Pope, Jaren C.},
  title = {Understanding college application decisions: Why college sports success matters},
  journal = {Journal of Sports Economics},
  year = {2014},
  volume = {15},
  number = {2},
  pages = {107--131},
  doi = {10.1177/1527002512445569}
}

@misc{silverthorn13,
  author = {Silverthorne, Sean},
  title = {The Flutie effect: How athletic success boosts college applications},
  year = {2013},
  note = {May 6},
  howpublished = {\url{https://www.forbes.com/sites/hbsworkingknowledge/2013/04/29/the-flutie-effect-how-athletic-success-boosts-college-applications/}},
  journal = {Forbes}
}

@misc{staples14,
  author = {Staples, Andy},
  title = {The Chaos and Consequences of the BCS, 20 Years After Its Inaugural Season},
  year = {2018},
  note = {July 9},
  howpublished = {\url{https://www.si.com/college/2018/07/09/bcs-history-20th-anniversary-controversy-tennessee-florida-state}},
  journal = {Sports Illustrated}
}

@misc{Williams24,
  author = {Williams, James},
  title = {House v. NCAA settlement granted preliminary approval, bringing new financial model closer},
  year = {2024},
  note = {October 7},
  howpublished = {\url{https://www.nytimes.com/athletic/5826004/2024/10/07/house-ncaa-settlement-approval-claudia-wilken/}},
  journal = {The Athletic}
}

@misc{fred,
  author = {{Federal Reserve Bank of St. Louis}},
  title = {Personal income by state},
  year = {2025},
  howpublished = {\url{https://fred.stlouisfed.org/release/tables?rid=110&eid=257197}}
}